@article{poteaux2021,
  title={Computing Puiseux series: a fast divide and conquer algorithm},
  author={Poteaux, Adrien and Weimann, Martin},
  journal={Annales Henri Lebesgue},
  volume={4},
  pages={1061--1102},
  year={2021}
}

@Article{intbas,
 Author = {Janko {B\"ohm} and Wolfram {Decker} and Santiago {Laplagne} and Gerhard {Pfister}},
 Title = {{Computing integral bases via localization and Hensel lifting}},
 FJournal = {{Journal of Symbolic Computation}},
 Journal = {{J. Symb. Comput.}},
 ISSN = {0747-7171},
 Volume = {109},
 Pages = {283--324},
 Year = {2022},
 Publisher = {Elsevier (Academic Press), London},
 Language = {English},
 DOI = {10.1016/j.jsc.2020.07.007},
 MSC2010 = {13P10 68W30 13B22 11Y40 13-04 14H05 14Q05}
}

%\bibitem{Abhyankar}
%Shreeram Shankar Abhyankar.
%\newblock {\em Algebraic geometry for scientists and engineers}
%\newblock Mathematical surveys and monographs.
%\newblock American Mathematical Society, Providence, R.I., 1990.

%\bibitem{arnold}

@Book{Abhyankar,
    Author = {Shreeram S. {Abhyankar}},
    Title = {{Algebraic geometry for scientists and engineers.}},
    ISBN = {0-8218-1535-0},
    Pages = {xiii + 295},
    Year = {1990},
    Publisher = {Providence, RI: American Mathematical Society},
    Language = {English},
    MSC2010 = {14-01 14-03 14E15 14E05},
    Zbl = {0709.14001}
}

@article {Arnold,
    AUTHOR = {Arnold, Elizabeth A.},
     TITLE = {Modular algorithms for computing {G}r\"obner bases},
   JOURNAL = {J. Symbolic Comput.},
  FJOURNAL = {Journal of Symbolic Computation},
    VOLUME = {35},
      YEAR = {2003},
    NUMBER = {4},
     PAGES = {403--419},
      ISSN = {0747-7171},
   MRCLASS = {13P10 (68W30)},
  MRNUMBER = {1976575 (2004c:13044)},
MRREVIEWER = {Rouchdi Bahloul},
       DOI = {10.1016/S0747-7171(02)00140-2},
       URL = {http://dx.doi.org/10.1016/S0747-7171(02)00140-2},
}

@book {Bourbaki-CA,
    AUTHOR = {Bourbaki, Nicolas},
     TITLE = {Commutative algebra. {C}hapters 1--7},
    SERIES = {Elements of Mathematics (Berlin)},
      NOTE = {Translated from the French,
              Reprint of the 1989 English translation},
 PUBLISHER = {Springer-Verlag, Berlin},
      YEAR = {1998},
     PAGES = {xxiv+625},
      ISBN = {3-540-64239-0},
   MRCLASS = {13-XX (00A05)},
  MRNUMBER = {1727221},
}

@article {Dimca,
    AUTHOR = {Dimca, Alexandru},
     TITLE = {Syzygies of {J}acobian ideals and defects of linear systems},
   JOURNAL = {Bull. Math. Soc. Sci. Math. Roumanie (N.S.)},
  FJOURNAL = {Bulletin Math\'ematique de la Soci\'et\'e des Sciences
              Math\'ematiques de Roumanie. Nouvelle S\'erie},
    VOLUME = {56(104)},
      YEAR = {2013},
    NUMBER = {2},
     PAGES = {191--203},
      ISSN = {1220-3874},
   MRCLASS = {14B05 (13D02 13D40 14C20)},
  MRNUMBER = {3098166},
MRREVIEWER = {Marcel Morales},
}

@book {Liu,
    AUTHOR = {Liu, Qing},
     TITLE = {Algebraic geometry and arithmetic curves},
    SERIES = {Oxford Graduate Texts in Mathematics},
    VOLUME = {6},
      NOTE = {Translated from the French by Reinie Ern{\'e},
              Oxford Science Publications},
 PUBLISHER = {Oxford University Press, Oxford},
      YEAR = {2002},
     PAGES = {xvi+576},
      ISBN = {0-19-850284-2},
   MRCLASS = {14-01 (11G30 14A05 14A15 14Gxx 14Hxx)},
  MRNUMBER = {1917232 (2003g:14001)},
MRREVIEWER = {C{\'{\i}}cero Fernandes de Carvalho},
}

@book {AM,
    AUTHOR = {Atiyah, M. F. and Macdonald, I. G.},
     TITLE = {Introduction to commutative algebra},
 PUBLISHER = {Addison-Wesley Publishing Co., Reading, Mass.-London-Don
              Mills, Ont.},
      YEAR = {1969},
     PAGES = {ix+128},
   MRCLASS = {13.00},
  MRNUMBER = {0242802 (39 \#4129)},
MRREVIEWER = {J. A. Johnson},
}

@inproceedings{AS95,
  author    = {In{\'e}s Armend{\'a}riz and
               Pablo Solern{\'o}},
  title     = {On the Computation of the Radical of Polynomial Complete
               Intersection Ideals},
  booktitle = {AAECC},
  year      = {1995},
  pages     = {106-119},
  crossref  = {DBLP:conf/aaecc/1995},
  bibsource = {DBLP, http://dblp.uni-trier.de}
}


   @article {BDLPSS,
    AUTHOR = {B{\"o}hm, Janko and Decker, Wolfram and Laplagne, Santiago and
              Pfister, Gerhard and Steenpa{\ss}, Andreas and Steidel,
              Stefan},
     TITLE = {Parallel algorithms for normalization},
   JOURNAL = {J. Symbolic Comput.},
  FJOURNAL = {Journal of Symbolic Computation},
    VOLUME = {51},
      YEAR = {2013},
     PAGES = {99--114},
      ISSN = {0747-7171},
   MRCLASS = {13Bxx (13P10 68W10 68W30)},
  MRNUMBER = {3005784},
       DOI = {10.1016/j.jsc.2012.07.002},
       URL = {http://dx.doi.org/10.1016/j.jsc.2012.07.002},
}


@ARTICLE{Caboara,
    AUTHOR = "M. Caboara and P. Conti and C. Traverso",
    TITLE = "Yet Another Algorithm for Ideal Decomposition",
    JOURNAL = {Applied Algebra, Algebraic Algorithms and Error-Correcting Codes},
    VOLUME = {},
    NUMBER = {12},
    PAGES = {39-54},
    MONTH = {},
    YEAR = {1997}   }


@BOOK{CLO1,
    AUTHOR = "D. Cox and J. Little and D. O'Shea",
    TITLE = "Ideals, Varieties and Algorithms",
    PUBLISHER = {Springer},
    ADDRESS = {},
    YEAR = "1996"   }

@BOOK{CLO2,
    AUTHOR = "D. Cox and J. Little and D. O'Shea",
    TITLE = "Using Algebraic Geometry",
    PUBLISHER = {Springer},
    ADDRESS = {},
    YEAR = "1998"   }

@ARTICLE{DFGS,
    AUTHOR = "A. Dickenstein and N. Fitchas and M. Giusti and C. Sessa",
    TITLE = "The membership problem for unmixed polynomial ideals is solvable in single exponential time",
    JOURNAL = { Discrete Applied Mathematics},
    VOLUME = {},
    NUMBER = {33},
    PAGES = {73-94},
    MONTH = {},
    YEAR = {1991}   }

@incollection {DS90,
    AUTHOR = {Dickenstein, Alicia M. and Sessa, Carmen},
     TITLE = {Duality methods for the membership problem},
 BOOKTITLE = {Effective methods in algebraic geometry (Castiglioncello,
              1990)},
    SERIES = {Progr. Math.},
    VOLUME = {94},
     PAGES = {89--103},
 PUBLISHER = {Birkh\"auser Boston},
   ADDRESS = {Boston, MA},
      YEAR = {1991},
   MRCLASS = {13F20 (14Q20 32A27 68Q40)},
  MRNUMBER = {MR1106416 (92m:13021)},
MRREVIEWER = {Carlos A. Berenstein},
}


@ARTICLE{DGP,
    AUTHOR = "W. Decker and  G.-M. Greuel and G. Pfister",
    TITLE = "Primary decomposition: Algorithms and comparisons",
    JOURNAL = {Algorithmic algebra and number theory, Springer Verlag, Heidelberg},
    VOLUME = {},
    NUMBER = {},
    PAGES = {187-220},
    MONTH = {},
    YEAR = {1998}   }


@article {vanHoeij97,
    AUTHOR = {van Hoeij, Mark},
     TITLE = {Rational parametrizations of algebraic curves using a
              canonical divisor},
      NOTE = {Parametric algebraic curves and applications (Albuquerque, NM,
              1995)},
   JOURNAL = {J. Symbolic Comput.},
  FJOURNAL = {Journal of Symbolic Computation},
    VOLUME = {23},
      YEAR = {1997},
    NUMBER = {2-3},
     PAGES = {209--227},
      ISSN = {0747-7171},
   MRCLASS = {14C20 (14Q05)},
  MRNUMBER = {MR1448695 (98g:14009)},
MRREVIEWER = {Michael M. Dediu},
       DOI = {10.1006/jsco.1996.0084},
       URL = {http://dx.doi.org/10.1006/jsco.1996.0084},
}

@article {vanHoeij94,
    AUTHOR = {van Hoeij, Mark},
     TITLE = {An algorithm for computing an integral basis in an algebraic
              function field},
   JOURNAL = {J. Symbolic Comput.},
  FJOURNAL = {Journal of Symbolic Computation},
    VOLUME = {18},
      YEAR = {1994},
    NUMBER = {4},
     PAGES = {353--363},
      ISSN = {0747-7171},
   MRCLASS = {11Y16 (11R58 68Q40)},
  MRNUMBER = {MR1324494 (96e:11166)},
MRREVIEWER = {Juraj Kostra},
       DOI = {10.1006/jsco.1994.1051},
       URL = {http://dx.doi.org/10.1006/jsco.1994.1051},
}

@TechReport{HL,
  author =       "T. Hirsch and S. Laplagne",
  title =        "{\tt reesclos.lib}",
  type =         {A {\sc Singular} 3.0 library for computing the integral closure of ideals},
  year =         {2011}
}

@TechReport{DPS,
  author =       "W. Decker and G. Pfister and H. Schoenemann",
  title =        "{\tt primdec.lib}",
  type =         {A {\sc Singular} 3.0 library for computing primary decomposition and radical of ideals},
  year =         {2005}
}

@ARTICLE{Dube,
    AUTHOR = "T. W. Dube",
    TITLE = "The structure of polynomial ideals and Grobner bases",
    JOURNAL = {SIAM J. Comput.},
    VOLUME = {},
    NUMBER = {19},
    PAGES = {750-773},
    MONTH = {},
    YEAR = {1990}   }

@ARTICLE{DuLe,
AUTHOR = {C.Durvye and G.Lecerf},
TITLE = {A concise proof of the kronecker polynomial system solver from scratch.},
YEAR = {2006},
TYPE = {Universite de Versailles Saint-Quentin-en-Yvelines}
}

@ARTICLE{Buch1,
    AUTHOR = {B. Buchberger},
    TITLE = {An algorithmic criterion for the solvability of algebraic system of equations.},
    JOURNAL = {Aequaotiones Math},
    VOLUME = {},
    NUMBER = {4},
    PAGES = {374-383},
    MONTH = {},
    YEAR = {1970}   }
}

@article {Buch2,
    AUTHOR = {Buchberger, B.},
     TITLE = {A theoretical basis for the reduction of polynomials to canonical forms},
   JOURNAL = {ACM SIGSAM Bull.},
    VOLUME = {10},
      YEAR = {1976},
    NUMBER = {3},
     PAGES = {19--29},
   MRCLASS = {12-04 (68A10)},
  MRNUMBER = {0463136 (57 \#3097)},
MRREVIEWER = {J.-C. Herz},
}

@Book{Eis,
    Author = {David {Eisenbud}},
    Title = {{Commutative algebra. With a view toward algebraic geometry.}},
    ISBN = {3-540-94269-6/pbk; 3-540-94268-8/hbk},
    Pages = {xvi + 785},
    Year = {1995},
    Publisher = {Berlin: Springer},
    Language = {English},
    MSC2010 = {13-01 14-01 13-03 13Axx 13Cxx 13A50 13C15},
    Zbl = {0819.13001}
}


@ARTICLE{CCT,
    AUTHOR = "M. Caboara and P. Conti and C. Traverso",
    TITLE = "Yet Another Algorithm for Ideal Decomposition",
    JOURNAL = {Applied Algebra, Algebraic Algorithms and Error-Correcting Codes},
    VOLUME = {},
    NUMBER = {12},
    PAGES = {39-54},
    MONTH = {},
    YEAR = {1997}   }

@ARTICLE{EHV,
    AUTHOR = "D. Eisenbud and C. Huneke and W. Vasconcelos",
    TITLE = "Direct methods for primary decomposition",
    JOURNAL = {Invent. Math.},
    VOLUME = {},
    NUMBER = {110},
    PAGES = {207-235},
    MONTH = {},
    YEAR = {1992}   }

@ARTICLE{Giusti,
    AUTHOR = "M. Giusti",
    TITLE = "Some effective problems in polynomial ideal theory",
    JOURNAL = { EUROSAM 84, Lecture Notes in Computer Science},
    VOLUME = {},
    NUMBER = {174},
    PAGES = {159-171},
    MONTH = {},
    YEAR = {1984}   }

@ARTICLE{GTZ,
    AUTHOR = "P. Gianni and B. Trager and G. Zacharias",
    TITLE = "Bases and Primary Decomposition of Ideals",
    JOURNAL = { J. Symbolic Computation},
    VOLUME = {},
    NUMBER = {6},
    PAGES = {149-167},
    MONTH = {},
    YEAR = {1988}   }

@article {EGA4,
    AUTHOR = {Grothendieck, A.},
     TITLE = {\'{E}l\'ements de g\'eom\'etrie alg\'ebrique. {IV}. \'{E}tude
              locale des sch\'emas et des morphismes de sch\'emas.},
   JOURNAL = {Inst. Hautes \'Etudes Sci. Publ. Math.},
  FJOURNAL = {Institut des Hautes \'Etudes Scientifiques. Publications
              Math\'ematiques},
    VOLUME = {24},
      YEAR = {1965},
     PAGES = {5--231},
      ISSN = {0073-8301},
   MRCLASS = {14.55},
  MRNUMBER = {0217086 (36 \#178)},
}
@ARTICLE{Heintz,
    AUTHOR = "J. Heintz",
    TITLE = "Definability and fast quantifier elimination over algebraically closed fields",
    JOURNAL = {Theor. Comp. Science},
    VOLUME = {},
    NUMBER = {24},
    PAGES = {239-278},
    MONTH = {},
    YEAR = {1983}   }

@article {Kal,
    AUTHOR = {Kalkbrener, Michael},
     TITLE = {A generalized {E}uclidean algorithm for computing triangular
              representations of algebraic varieties},
   JOURNAL = {J. Symbolic Comput.},
  FJOURNAL = {Journal of Symbolic Computation},
    VOLUME = {15},
      YEAR = {1993},
    NUMBER = {2},
     PAGES = {143--167},
      ISSN = {0747-7171},
   MRCLASS = {13P10 (13-04 14-04 14Q15 68Q40)},
  MRNUMBER = {MR1218756 (94e:13053)},
MRREVIEWER = {Robert O. Robson},
}

@ARTICLE{Kemp,
    AUTHOR = "G. Kemper",
    TITLE = "The calculation of radical ideals in positive characteristic",
    JOURNAL = { J. Symbolic Computation},
    VOLUME = {},
    NUMBER = {34},
    PAGES = {229-238},
    MONTH = {},
    YEAR = {2002}   }

@ARTICLE{KL1,
    AUTHOR = "T. Krick and A. Logar",
    TITLE = "Membership problem, representation problem and the computation of the radical for one-dimensional ideals",
    JOURNAL = {Progress in Mathematics},
    VOLUME = {},
    NUMBER = {94},
    PAGES = {203-216},
    MONTH = {},
    YEAR = {1991}   }

@ARTICLE{KL2,
    AUTHOR = "T. Krick and A. Logar",
    TITLE = "An algorithm for the computation of the radical of an ideal in the ring of polynomials",
    JOURNAL = {AAECC9, Springer LNCS},
    VOLUME = {},
    NUMBER = {539},
    PAGES = {195-205},
    MONTH = {},
    YEAR = {1991}   }

@ARTICLE{KPS,
    AUTHOR = "T. Krick and L. M. Pardo and M. Sombra",
    TITLE = "Sharp estimates for the arithmetic Nullstellensatz",
    JOURNAL = {Duke Math J.},
    VOLUME = {},
    NUMBER = {109},
    PAGES = {521-598},
    MONTH = {},
    YEAR = {2001}   }

@inproceedings{L,
 author = {Laplagne, Santiago},
 title = {An algorithm for the computation of the radical of an ideal},
 booktitle = {ISSAC '06: Proceedings of the 2006 international symposium on Symbolic and algebraic computation},
 year = {2006},
 isbn = {1-59593-276-3},
 pages = {191--195},
 location = {Genoa, Italy},
 doi = {http://doi.acm.org/10.1145/1145768.1145802},
 publisher = {ACM Press},
 address = {New York, NY, USA},
 }


@BOOK{maple,
author = {Michael B.~Monagan and Keith O.~Geddes and K.~Michael Heal
and George Labahn and Stefan M.~Vorkoetter and James McCarron and Paul DeMarco},
title = {Maple~18 Programming Guide},
publisher = {Maplesoft},
year = {2014},
volume = {},
series = {},
address = {Waterloo ON, Canada},
edition = {},
month = {},
note = {},
key = {},
annote = {In acknowledging any {Maple} work, a statement similar
to the following should be used. (Changes with respect to the
exact use of {Maple} are expected.) ``The computations in this paper
were performed by using Maple${}^\mathrm{TM}$."},
}
@Article{Magma,
    Author = {Wieb {Bosma} and John {Cannon} and Catherine {Playoust}},
    Title = {{The Magma algebra system. I: The user language.}},
    FJournal = {{Journal of Symbolic Computation}},
    Journal = {{J. Symb. Comput.}},
    ISSN = {0747-7171},
    Volume = {24},
    Number = {3-4},
    Pages = {235--265},
    Year = {1997},
    Publisher = {Elsevier (Academic Press), London},
    Language = {English},
    DOI = {10.1006/jsco.1996.0125},
    MSC2010 = {68W30},
    Zbl = {0898.68039}
}



@ARTICLE{Matsumoto,
    AUTHOR = "R. Matsumoto",
    TITLE = "Computing the radical of an ideal in positive characteristic",
    JOURNAL = {J. Symbolic Computation},
    VOLUME = {},
    NUMBER = {32},
    PAGES = {263-271},
    MONTH = {},
    YEAR = {2001}   }

@book {MR879273,
    AUTHOR = {Matsumura, Hideyuki},
     TITLE = {Commutative ring theory},
    SERIES = {Cambridge Studies in Advanced Mathematics},
    VOLUME = {8},
      NOTE = {Translated from the Japanese by M. Reid},
 PUBLISHER = {Cambridge University Press},
   ADDRESS = {Cambridge},
      YEAR = {1986},
     PAGES = {xiv+320},
      ISBN = {0-521-25916-9},
   MRCLASS = {13-01},
  MRNUMBER = {MR879273 (88h:13001)},
MRREVIEWER = {W. V. Vasconcelos},
}

@ARTICLE{Sei,
    AUTHOR = "A. Seidenberg",
    TITLE = "Constructions in Algebra",
    JOURNAL = {Trans. Amer. Math. Soc.},
    VOLUME = {},
    NUMBER = {197},
    PAGES = {273-313},
    MONTH = {},
    YEAR = {1974}   }

@Book{GP,
    Author = {Gert-Martin {Greuel} and Gerhard {Pfister}},
    Title = {{A Singular introduction to commutative algebra. With contributions by Olaf Bachmann, Christoph Lossen and Hans Sch\"onemann. 2nd extended ed.}},
      ISBN = {978-3-540-73541-0/hbk},
    Pages = {xx + 689},
    Year = {2007},
    Publisher = {Berlin: Springer},
    Language = {English},
    DOI = {10.1007/978-3-540-73542-7},
    MSC2010 = {13-04 13Pxx 14-04 13P10 14Qxx 13-01 13-02 68W30 68-01 14-01},
    Zbl = {1133.13001}
}


@Article{ Bruns01,
	AUTHOR = "Winfried Bruns and Robert Koch",
	TITLE = "Computing the integral closure of an affine semigroup",
	JOURNAL = "Univ. Iagel. Acta Math.",
	FJOURNAL = "Universitatis Iagellonicae. Acta Mathematica",
	NUMBER = "39",
	YEAR = "2001",
	PAGES = "59--70",
	ISSN = "0083-4386",
	MRCLASS = "20M14 (20-04)",
	MRNUMBER = "MR1886929 (2002m:20095)"
}

@book{GR,
    Author = {Hans {Grauert} and Reinhold {Remmert}},
    Title = {{Analytische Stellenalgebren. Unter Mitarbeit von O. Riemenschneider.}},
    Year = {1971},
    Language = {German},
    Publisher = {Berlin: Springer},
    MSC2010 = {32B05 32-01 46E15 13F25 13J05 13J07},
    Zbl = {0231.32001}
}


vvv


@Article{ SS,
	AUTHOR = "A. Singh and I. Swanson",
	TITLE = "An Algorithm for Computing the Integral Closure. {P}reprint available at ar{X}iv, http://arxiv.org/abs/0901.0871",
	YEAR = "2008",
	howpublished = "Available at ar{X}iv, http://arxiv.org/abs/0901.0871"
}

@Article{ M,
	AUTHOR = "R. Matsumoto",
	TITLE = "Computing the radical of an ideal in positive characteristic.",
	JOURNAL = "J. Symbolic Comput.",
	FJOURNAL = "Journal of Symbolic Computation",
	VOLUME = "32",
	YEAR = "2001",
	NUMBER = "3",
	PAGES = "263--271",
	ISSN = "0747-7171"
}

@Article{ M1,
	AUTHOR = "R. Matsumoto",
	TITLE = "On computing the integral closure.",
	JOURNAL = "Comm. in Algebra",
	YEAR = "2000",
	VOLUME = "28",
	PAGES = "401--405"
}

@Article{ LP,
	AUTHOR = "D. A. Leonard and R. Pellikaan",
	TITLE = "Integral closures and weight functions over finite fields.",
	JOURNAL = "Finite Fields Appl.",
	FJOURNAL = "Finite Fields and their Applications",
	VOLUME = "9",
	YEAR = "2003",
	NUMBER = "4",
	PAGES = "479--504",
	ISSN = "1071-5797",
	MRCLASS = "13B22 (11T71 94B27)",
	MRNUMBER = "MR2007466 (2005d:13015)",
	MRREVIEWER = "Stefan Dodunekov"
}

@Article{ GLP,
	title = "\texttt{normal.lib}, a \singular\ library for computing the normalization of affine rings.",
	year = "2009",
	author = "G.-M. Greuel and S. Laplagne and G. Pfister"
}

@Article{ GPS,
	title = "{\sc Singular} 4-0-2 --- {A} computer algebra system for polynomial computations.",
	year = "2015",
	author = {Wolfram Decker and Gert-Martin Greuel and G. Pfister and H. Sch{\"o}nemann},
	note = "\ {http}://www.singular.uni-kl.de"
}

@InCollection{ DGPJ,
	AUTHOR = "Wolfram Decker and Theo {de Jong} and Gert-Martin Greuel and Gerhard Pfister",
	TITLE = "The normalization: a new algorithm, implementation and comparisons",
	BOOKTITLE = "Computational methods for representations of groups and algebras ({E}ssen, 1997)",
	SERIES = "Progr. Math.",
	VOLUME = "173",
	PAGES = "177--185",
	PUBLISHER = {Birkh{\"a}user},
	ADDRESS = "Basel",
	YEAR = "1999",
	MRCLASS = "13P10 (13B22)",
	MRNUMBER = "MR1714609 (2001a:13047)",
	MRREVIEWER = "Joachim Apel"
}

@article {deJong98,
    AUTHOR = {de Jong, Theo},
     TITLE = {An algorithm for computing the integral closure},
   JOURNAL = {J. Symbolic Comput.},
  FJOURNAL = {Journal of Symbolic Computation},
    VOLUME = {26},
      YEAR = {1998},
    NUMBER = {3},
     PAGES = {273--277},
      ISSN = {0747-7171},
   MRCLASS = {13B22 (13P99)},
  MRNUMBER = {1633931 (99d:13007)},
       DOI = {10.1006/jsco.1998.0211},
       URL = {http://dx.doi.org/10.1006/jsco.1998.0211},
}


@Article{ CGL,
	AUTHOR = "A. Campillo and G.-M. Greuel and C. Lossen",
	TITLE = "Equisingular Calculations for Plane Curve Singularities.",
	JOURNAL = "J. Symbolic Comput.",
	FJOURNAL = "Journal of Symbolic Computation",
	VOLUME = "42",
	YEAR = "2007",
	PAGES = "89--114"
}

@article {GLS10,
    AUTHOR = {Greuel, Gert-Martin and Laplagne, Santiago and Seelisch,
              Frank},
     TITLE = {Normalization of rings},
   JOURNAL = {J. Symbolic Comput.},
  FJOURNAL = {Journal of Symbolic Computation},
    VOLUME = {45},
      YEAR = {2010},
    NUMBER = {9},
     PAGES = {887--901},
      ISSN = {0747-7171},
   MRCLASS = {13B22 (68W30)},
  MRNUMBER = {2661161 (2011m:13012)},
MRREVIEWER = {Jo{\~a}o Nivaldo Tomazella},
       DOI = {10.1016/j.jsc.2010.04.002},
       URL = {http://dx.doi.org/10.1016/j.jsc.2010.04.002},
}

@book {Lan,
    AUTHOR = {Lang, Serge},
     TITLE = {Algebra},
    SERIES = {Graduate Texts in Mathematics},
    VOLUME = {211},
   EDITION = {third},
 PUBLISHER = {Springer-Verlag},
   ADDRESS = {New York},
      YEAR = {2002},
     PAGES = {xvi+914},
      ISBN = {0-387-95385-X},
   MRCLASS = {00A05 (15-02)},
  MRNUMBER = {1878556 (2003e:00003)},
}


@Misc{ Macaulay2,
	author = "Daniel R. Grayson and Michael E. Stillman",
	title = "Macaulay2 1.2, a software system for research in algebraic geometry",
	year = "2009",
	howpublished = "Available at http://www.math.uiuc.edu/Macaulay2/"
}

@book {Mat80,
    AUTHOR = {Matsumura, Hideyuki},
     TITLE = {Commutative algebra},
    SERIES = {Mathematics Lecture Note Series},
    VOLUME = {56},
   EDITION = {Second},
 PUBLISHER = {Benjamin/Cummings Publishing Co., Inc., Reading, Mass.},
      YEAR = {1980},
     PAGES = {xv+313},
      ISBN = {0-8053-7026-9},
   MRCLASS = {13-02},
  MRNUMBER = {575344 (82i:13003)},
MRREVIEWER = {R. M. Fossum},
}

@Book{SH,
    Author = {Irena {Swanson} and Craig {Huneke}},
    Title = {{Integral closure of ideals, rings, and modules.}},
    ISBN = {0-521-68860-4/pbk},
    Pages = {xiv + 431},
    Year = {2006},
    Publisher = {Cambridge: Cambridge University Press},
    Language = {English},
    MSC2010 = {13-02 11-02},
    Zbl = {1117.13001}
}



@Article{ Seidenberg75,
	AUTHOR = "A. Seidenberg",
	TITLE = "Construction of the integral closure of a finite integral domain. {II}",
	JOURNAL = "Proc. Amer. Math. Soc.",
	FJOURNAL = "Proceedings of the American Mathematical Society",
	VOLUME = "52",
	YEAR = "1975",
	PAGES = "368--372",
	ISSN = "0002-9939",
	MRCLASS = "13B20 (02E99)",
	MRNUMBER = "MR0424783 (54 \#12741)",
	MRREVIEWER = "H. Kurke"
}

@Article{ Seidenberg70,
	AUTHOR = "Abraham Seidenberg",
	TITLE = "Construction of the integral closure of a finite integral domain",
	JOURNAL = "Rend. Sem. Mat. Fis. Milano",
	FJOURNAL = "Rendiconti del Seminario Matematico e Fisico di Milano",
	VOLUME = "40",
	YEAR = "1970",
	PAGES = "100--120",
	ISSN = "0370-7377",
	MRCLASS = "13J99",
	MRNUMBER = "MR0294327 (45 \#3396)",
	MRREVIEWER = "H. Kurke"
}

@Book{Stichtenoth08,
    Author = {Henning {Stichtenoth}},
    Title = {{Algebraic function fields and codes.}},
    Edition = {2nd},
    ISBN = {978-3-540-76877-7/hbk},
    Pages = {xiii + 355},
    Year = {2009},
    Publisher = {Berlin: Springer},
    Language = {English},
    DOI = {10.1007/978-3-540-76878-4},
    MSC2010 = {14H05 14-01 94-01 94B27 11R58 11T71},
    Zbl = {1155.14022}
}



@Article{ Stolzenberg68,
	AUTHOR = "Gabriel Stolzenberg",
	TITLE = "Constructive normalization of an algebraic variety",
	JOURNAL = "Bull. Amer. Math. Soc.",
	FJOURNAL = "Bulletin of the American Mathematical Society",
	VOLUME = "74",
	YEAR = "1968",
	PAGES = "595--599",
	ISSN = "0002-9904",
	MRCLASS = "13.15 (14.00)",
	MRNUMBER = "MR0224602 (37 \#201)",
	MRREVIEWER = "A. Mattuck"
}

@InProceedings{ GT,
	AUTHOR = "P. Gianni and B. Trager",
	TITLE = "Integral closure of {N}oetherian rings",
	BOOKTITLE = "Proceedings of the 1997 {I}nternational {S}ymposium on {S}ymbolic and {A}lgebraic {C}omputation ({K}ihei, {HI})",
	PAGES = "212--216 (electronic)",
	PUBLISHER = "ACM",
	ADDRESS = "New York",
	YEAR = "1997",
	MRCLASS = "13B22 (68W30)",
	MRNUMBER = "MR1809990"
}

@article {Polini05,
    AUTHOR = {Polini, Claudia and Ulrich, Bernd and Vasconcelos, Wolmer V.},
     TITLE = {Normalization of ideals and {B}riancon-{S}koda numbers},
   JOURNAL = {Math. Res. Lett.},
  FJOURNAL = {Mathematical Research Letters},
    VOLUME = {12},
      YEAR = {2005},
    NUMBER = {5-6},
     PAGES = {827--842},
      ISSN = {1073-2780},
   MRCLASS = {13A30 (13H15)},
  MRNUMBER = {MR2189243 (2006m:13006)},
MRREVIEWER = {Mark R. Johnson},
}

@Article{ Traverso86,
	AUTHOR = "Carlo Traverso",
	TITLE = "A study on algebraic algorithms: the normalization",
	NOTE = "Conference on algebraic varieties of small dimension (Turin, 1985)",
	JOURNAL = "Rend. Sem. Mat. Univ. Politec. Torino",
	FJOURNAL = "Rendiconti del Seminario Matematico (gi{\`a} ``Conferenze di Fisica e di Matematica''). Universit{\`a} e Politecnico di Torino",
	YEAR = "1986",
	NUMBER = "Special Issue",
	PAGES = "111--130 (1987)",
	ISSN = "0373-1243",
	MRCLASS = "14A10 (13B20)",
	MRNUMBER = "MR908915 (89a:14005)",
	MRREVIEWER = "Ezio Stagnaro"
}

@Article{ BreVasc01,
	AUTHOR = "Joseph P. Brennan and Wolmer V. Vasconcelos",
	TITLE = "On the structure of closed ideals",
	JOURNAL = "Math. Scand.",
	FJOURNAL = "Mathematica Scandinavica",
	VOLUME = "88",
	YEAR = "2001",
	NUMBER = "1",
	PAGES = "3--16",
	ISSN = "0025-5521",
	CODEN = "MTSCAN",
	MRCLASS = "13B22",
	MRNUMBER = "MR1813517 (2001k:13014)",
	MRREVIEWER = "Adela N. Vraciu"
}

@Article{ Ford87,
	AUTHOR = "David J. Ford",
	TITLE = "The construction of maximal orders over a {D}edekind domain",
	JOURNAL = "J. Symbolic Comput.",
	FJOURNAL = "Journal of Symbolic Computation",
	VOLUME = "4",
	YEAR = "1987",
	NUMBER = "1",
	PAGES = "69--75",
	ISSN = "0747-7171",
	MRCLASS = "11R54 (16A18)",
	MRNUMBER = "MR908413 (89a:11121)",
	MRREVIEWER = {J{\"u}rgen Ritter}
}

@Book{ Cohen93,
	AUTHOR = "Henri Cohen",
	TITLE = "A course in computational algebraic number theory",
	SERIES = "Graduate Texts in Mathematics",
	VOLUME = "138",
	PUBLISHER = "Springer-Verlag",
	ADDRESS = "Berlin",
	YEAR = "1993",
	PAGES = "xii+534",
	ISBN = "3-540-55640-0",
	MRCLASS = "11Y40 (11Rxx 68Q40)",
	MRNUMBER = "MR1228206 (94i:11105)",
	MRREVIEWER = "Joe P. Buhler"
}

@phdthesis{Trager84,
	AUTHOR = "Trager, Barry",
	TITLE = "Integration of Algebraic Functions",
	SCHOOL = "MIT",
	YEAR = "1984",
}

@Article{ Vasconcelos91,
	AUTHOR = "Wolmer V. Vasconcelos",
	TITLE = "Computing the integral closure of an affine domain",
	JOURNAL = "Proc. Amer. Math. Soc.",
	FJOURNAL = "Proceedings of the American Mathematical Society",
	VOLUME = "113",
	YEAR = "1991",
	NUMBER = "3",
	PAGES = "633--638",
	ISSN = "0002-9939",
	CODEN = "PAMYAR",
	MRCLASS = "13B22 (13P10)",
	MRNUMBER = "MR1055780 (92b:13013)",
	MRREVIEWER = {Ralf Fr{\"o}berg}
}

@Article{ Vasconcelos00,
	AUTHOR = "Wolmer V. Vasconcelos",
	TITLE = "Divisorial extensions and the computation of integral closures",
	JOURNAL = "J. Symbolic Comput.",
	FJOURNAL = "Journal of Symbolic Computation",
	VOLUME = "30",
	YEAR = "2000",
	NUMBER = "5",
	PAGES = "595--604",
	ISSN = "0747-7171",
	MRCLASS = "13B22 (13P99)",
	MRNUMBER = "MR1797271 (2001k:13017)",
	MRREVIEWER = "Marcelo Jos{\'e} Saia"
}

@Book{ Casas00,
	AUTHOR = "Eduardo Casas-Alvero",
	TITLE = "Singularities of Plane Curves.",
	SERIES = "London Mathematical Society Lecture Note Series",
	PUBLISHER = "Cambridge University Press",
	YEAR = "2000",
	ISBN = "9780511569326",
}

@Book{ Vasconcelos05,
	AUTHOR = "Wolmer Vasconcelos",
	TITLE = "Integral closure. Rees algebras, multiplicities, algorithms.",
	SERIES = "Springer Monographs in Mathematics",
	PUBLISHER = "Springer-Verlag",
	ADDRESS = "Berlin",
	YEAR = "2005",
	PAGES = "xii+519",
	ISBN = "978-3-540-25540-6; 3-540-25540-0",
	MRCLASS = "13A30 (13-02 13B22 13D40 13H15)",
	MRNUMBER = "MR2153889 (2006m:13007)",
	MRREVIEWER = "Ng{\^o} Vi{\^e}t Trung"
}

@Book{ Vasconcelos98,
	AUTHOR = "Wolmer V. Vasconcelos",
	TITLE = "Computational methods in commutative algebra and algebraic geometry",
	SERIES = "Algorithms and Computation in Mathematics",
	VOLUME = "2",
	NOTE = {With chapters by David Eisenbud, Daniel R. Grayson, J{\"u}rgen Herzog and Michael Stillman},
	PUBLISHER = "Springer-Verlag",
	ADDRESS = "Berlin",
	YEAR = "1998",
	PAGES = "xii+394",
	ISBN = "3-540-60520-7",
	MRCLASS = "13Pxx (13-02 14-02 14Qxx)",
	MRNUMBER = "MR1484973 (99c:13048)",
	MRREVIEWER = "P. Schenzel"
}

@book {VWa,
    AUTHOR = {van der Waerden, B. L.},
     TITLE = {Modern {A}lgebra. {V}ol. {I}},
      NOTE = {Translated from the second revised German edition by Fred Blum,
              With revisions and additions by the author},
 PUBLISHER = {Frederick Ungar Publishing Co.},
   ADDRESS = {New York, N. Y.},
      YEAR = {1949},
     PAGES = {xii+264},
   MRCLASS = {09.1X},
  MRNUMBER = {0029363 (10,587b)},
}



@Book{JP,
    Author = {Theo {de Jong} and Gerhard {Pfister}},
    Title = {{Local analytic geometry. Basic theory and applications.}},
    ISBN = {3-528-03137-9/pbk},
    Pages = {xii + 382},
    Year = {2000},
    Publisher = {Braunschweig: Vieweg},
    Language = {English},
    MSC2010 = {32B10 32-01 32S30 32S25 14B05 32S05},
    Zbl = {0959.32011}
}


@article {BDLS,
    AUTHOR = {Boehm, J., Decker, W., Laplagne, S., Seelisch, F.},
     TITLE = {Rational parametrizations of rational curves},
      NOTE = {In preparation}
}

@incollection {BDLS2,
    AUTHOR = {B\"{o}hm, Janko and Decker, Wolfram and Laplagne, Santiago and
              Pfister, Gerhard},
     TITLE = {Local to global algorithms for the {G}orenstein adjoint ideal
              of a curve},
 BOOKTITLE = {Algorithmic and experimental methods in algebra, geometry, and
              number theory},
     PAGES = {51--96},
 PUBLISHER = {Springer, Cham},
      YEAR = {2017},
   MRCLASS = {14Q05 (14H20 14H50 68W30)},
  MRNUMBER = {3792721},
}

@article {Hess2002,
    AUTHOR = {Hess, F.},
     TITLE = {Computing {R}iemann-{R}och spaces in algebraic function fields and related topics},
   JOURNAL = {J. Symbolic Comput.},
  FJOURNAL = "Journal of Symbolic Computation",
    VOLUME = "33",
      YEAR = "2002",
    PAGES = "425--445"
}

@article {HuaIer94,
    AUTHOR = {Huang, Ming-Deh and Ierardi, Doug},
     TITLE = {Efficient algorithms for the {R}iemann-{R}och problem and for addition in the {J}acobian of a curve},
   JOURNAL = {J. Symbolic Comput.},
  FJOURNAL = "Journal of Symbolic Computation",
    VOLUME = "18",
      YEAR = "1994",
    PAGES = "519--539"
}

@article {Kahoui2005,
    AUTHOR = {El Kahoui, M.},
     TITLE = {Computing with algebraic curves in generic position},
  FJOURNAL = "submitted to Journal of Computation and Mathematics",
      YEAR = "2008"
}


@article {Hirano1992,
    AUTHOR = {Hirano, Atsuko},
     TITLE = {Construction of plane curves with cusps},
   JOURNAL = {Saitama Math. J.},
  FJOURNAL = {Saitama Mathematical Journal},
    VOLUME = {10},
      YEAR = {1992},
     PAGES = {21--24},
      ISSN = {0289-0739},
   MRCLASS = {14H45},
  MRNUMBER = {1212294 (94a:14029)},
MRREVIEWER = {Gunnar Fl{\o}ystad},
}


@article {Cogolludo1999,
    AUTHOR = {Cogolludo, Jos{\'e} Ignacio},
     TITLE = {Fundamental group for some cuspidal curves},
   JOURNAL = {Bull. London Math. Soc.},
  FJOURNAL = {The Bulletin of the London Mathematical Society},
    VOLUME = {31},
      YEAR = {1999},
    NUMBER = {2},
     PAGES = {136--142},
      ISSN = {0024-6093},
     CODEN = {LMSBBT},
   MRCLASS = {14H20 (14E20 14H30)},
  MRNUMBER = {1664168 (2000h:14021)},
MRREVIEWER = {Ingrid Bauer},
       DOI = {10.1112/S0024609398005323},
       URL = {http://dx.doi.org/10.1112/S0024609398005323},
}


@article {Mnuk97,
    AUTHOR = {Mn$\tilde{\text u}k$, M.},
     TITLE = {An Algebraic approach to computing adjoint curves},
   JOURNAL = {J. Symbolic Comput.},
  FJOURNAL = {Journal of Symbolic Computation},
    VOLUME = {23},
    NUMBER = {2-3},
      YEAR = {1997},
     PAGES = {229--240},
}

@phdthesis{Durvye84,
	AUTHOR = "Durvye, Cl\'emence",
	TITLE = "Algorithmes pour la d\'ecomposition primaire des id\'eaux
                   polynomiaux de dimension nulle donn\'es en \'evaluation",
	SCHOOL = "Universit\'e de Versailles - Saint-Quentin",
	YEAR = "2008",
}


@article {BDS,
    AUTHOR = {B{\"o}hm, Janko and Decker, Wolfram and Schulze, Mathias},
     TITLE = {Local analysis of {G}rauert-{R}emmert-type normalization
              algorithms},
   JOURNAL = {Internat. J. Algebra Comput.},
  FJOURNAL = {International Journal of Algebra and Computation},
    VOLUME = {24},
      YEAR = {2014},
    NUMBER = {1},
     PAGES = {69--94},
      ISSN = {0218-1967},
   MRCLASS = {13P10 (13B22 13H10 14B05 14H20 32S05)},
  MRNUMBER = {3189667},
       DOI = {10.1142/S0218196714500064},
       URL = {http://dx.doi.org/10.1142/S0218196714500064},
}

@article {ford1994implementing,
    AUTHOR = {Ford, David and Letard, Pascal},
     TITLE = {Implementing the round four maximal order algorithm},
   JOURNAL = {J. Th\'eor. Nombres Bordeaux},
  FJOURNAL = {Journal de Th\'eorie des Nombres de Bordeaux},
    VOLUME = {6},
      YEAR = {1994},
    NUMBER = {1},
     PAGES = {39--80},
      ISSN = {1246-7405},
   MRCLASS = {11Y40 (11R04)},
  MRNUMBER = {1305287 (96d:11141)},
MRREVIEWER = {Joe P. Buhler},
       URL = {http://jtnb.cedram.org/item?id=JTNB_1994__6_1_39_0},
}


@article {MR3378860,
    AUTHOR = {B{\"o}hm, Janko and Decker, Wolfram and Fieker, Claus and
              Pfister, Gerhard},
     TITLE = {The use of bad primes in rational reconstruction},
   JOURNAL = {Math. Comp.},
  FJOURNAL = {Mathematics of Computation},
    VOLUME = {84},
      YEAR = {2015},
    NUMBER = {296},
     PAGES = {3013--3027},
      ISSN = {0025-5718},
   MRCLASS = {13P10 (11B57 68W10)},
  MRNUMBER = {3378860},
       DOI = {10.1090/mcom/2951},
       URL = {http://dx.doi.org/10.1090/mcom/2951},
}

@book {walker,
    AUTHOR = {Walker, Robert J.},
     TITLE = {Algebraic curves},
      NOTE = {Reprint of the 1950 edition},
 PUBLISHER = {Springer-Verlag, New York-Heidelberg},
      YEAR = {1978},
     PAGES = {x+201},
      ISBN = {0-387-90361-5},
   MRCLASS = {14-01 (01A75)},
  MRNUMBER = {513824},
}
		
